@MANUAL{nur-heu,
	author = {Pavel Žikovský},
	title = {{MI-NUR 3. přednáška - Semestrálka, Testing without users}},
	url = {https://edux.fit.cvut.cz/courses/MI-NUR/_media/lectures/x03-semestralka_testing_without_users.pdf},
    note = "[online prezentace][cit. 19.4.2017]",
}

@MANUAL{python-cz,
	organization = {Nezisková organizace Pyvec},
	title = {{Python, programovací jazyk}},
	url = {https://python.cz/},
    note = "[online][cit. 19.4.2017]",
}

@MANUAL{django-testing-tools,
	organization = {Django Software Foundation and individual contributors},
	title = {{Testing tools | Django documentation | Django}},
	url = {https://docs.djangoproject.com/en/1.11/topics/testing/tools/},
    note = "[online][cit. 19.4.2017]",
}

@MANUAL{python-social-auth,
	author = {Matías Aguirre},
	title = {{Python Social Auth}},
	url = {https://github.com/python-social-auth},
    note = "[software][cit. 19.4.2017]",
}

@MANUAL{facebook-developers,
	author = {Facebook},
	title = {{Python Social Auth}},
	url = {https://developers.facebook.com/},
    note = "[online][cit. 20.4.2017]",
}

@MANUAL{fixer-io,
	title = {{Fixer.io - Foreign exchange rates and currency conversion API}},
	url = {http://fixer.io/},
    note = "[sortware][cit. 20.4.2017]",
}